<record><leader>00000cas a22000007a 4500</leader><controlfield tag="001">9890166</controlfield><controlfield tag="008">830909d19041906ksuwr ne      0    0eng d</controlfield><controlfield tag="009">3789</controlfield><datafield ind1=" " ind2=" " tag="010"><subfield code="a">sn 83040725 </subfield></datafield><datafield ind1=" " ind2=" " tag="040"><subfield code="a">KSH</subfield><subfield code="b">eng</subfield><subfield code="c">KSH</subfield><subfield code="d">NPT</subfield></datafield><datafield ind1="1" ind2=" " tag="029"><subfield code="a">AU@</subfield><subfield code="b">000025802537</subfield></datafield><datafield ind1=" " ind2=" " tag="042"><subfield code="a">msc</subfield></datafield><datafield ind1=" " ind2=" " tag="043"><subfield code="a">n-us-ks</subfield></datafield><datafield ind1="0" ind2="0" tag="245"><subfield code="a">Peru oil gazette.</subfield></datafield><datafield ind1=" " ind2=" " tag="260"><subfield code="a">Peru, Kan. :</subfield><subfield code="b">Wyant &amp; Griffin,</subfield><subfield code="c">1904-1906.</subfield></datafield><datafield ind1=" " ind2=" " tag="300"><subfield code="a">2 v. :</subfield><subfield code="b">ill. (chiefly advertisements) ;</subfield><subfield code="c">39 cm.</subfield></datafield><datafield ind1=" " ind2=" " tag="310"><subfield code="a">Weekly</subfield></datafield><datafield ind1="0" ind2=" " tag="362"><subfield code="a">Vol. 1, no. 1 (Apr. 27, 1904)-v. 2, no. 42 (Feb. 16, 1906).</subfield></datafield><datafield ind1=" " ind2=" " tag="530"><subfield code="a">Available on microfilm from Micro Photo.</subfield></datafield><datafield ind1=" " ind2=" " tag="500"><subfield code="a">Editor: L.I. Griffin.</subfield></datafield><datafield ind1="1" ind2=" " tag="700"><subfield code="a">Griffin, L. I.</subfield></datafield><datafield ind1=" " ind2=" " tag="752"><subfield code="a">United States</subfield><subfield code="b">Kansas</subfield><subfield code="c">Chautauqua</subfield><subfield code="d">Peru.</subfield></datafield><datafield ind1="0" ind2="7" tag="785"><subfield code="t">Peru weekly derrick (Peru, Kan. : 1902)</subfield><subfield code="w">(DLC)sn 83040724</subfield></datafield><datafield ind1="0" ind2="7" tag="785"><subfield code="t">Peru weekly derrick and Peru oil gazette</subfield><subfield code="w">(DLC)sn 83040745</subfield></datafield></record>